@misc{
    vocabolangelo,
    author = {Angelo Filaseta},
    title = {Vocabolangelo},
    year = {2021},
    url = {https://angelofilaseta.github.io/Vocabolangelo/}
}
